@article{g-factor,
  title = {Study and Determination of Lande g-Factor of DPPH-Diphenyl Picryl Hydrazyl using Electron Spin Resonance Spectrometer},
  author = {Umar Gali Ahmad, Sulaiman Shukur, Abdulbasid Ibrahim Ridwan},
  journal = {IJESC},
  volume = {6},
  issue = {4},
  pages = {1},
  year = {2016},
  month = {April},
  doi = {10.4010/2016.884},
  url = {http://ijesc.org/upload/88cb481f384fe97abdabf4dbeecce18f.Study%20and%20Determination%20of%20Lande%20g-Factor%20of%20DPPH-Diphenyl%20Picryl%20Hydrazyl%20using%20Electron%20Spin%20Resonance%20Spectrometer.pdf}
}

@article{lab-inst,
  title = {Versuch ''Magnetische Resonanz'' im Prektikum ''Moderne Physik''},
  pages = {9-10},
  year = {2012},
  month = {September},
  url = {http://www.physik.kit.edu/Studium/F-Praktika/Downloads/Magnetische_Resonanz_Nov2012.pdf}
}
